<?xml version="1.0" encoding="UTF-8"?><collection xmlns="http://www.loc.gov/MARC21/slim"><record><leader>00450nam--2200133-i-4500</leader><controlfield tag="001">000011882</controlfield><controlfield tag="002">20161230</controlfield><controlfield tag="005">20161230201029</controlfield><controlfield tag="008">060222s1000------------r-----000-0-eng-d</controlfield><datafield ind1=" " ind2=" " tag="080"><subfield code="a">621.375.82(043)</subfield></datafield><datafield ind1=" " ind2=" " tag="100"><subfield code="a">Baudry, Alain</subfield></datafield><datafield ind1=" " ind2=" " tag="245"><subfield code="a">Obsrvation aux longueurs d onde centrime triques des masers interstellaires oh et h2o et etude preliminaire de quelques meca nismes de pompage. these</subfield></datafield><datafield ind1=" " ind2=" " tag="260"><subfield code="a">Bordeaux, L Universite, 1975 171 P</subfield></datafield><datafield ind1=" " ind2=" " tag="852"><subfield code="a">44000</subfield></datafield></record></collection>